<?xml version="1.0" encoding="UTF-8"?>
<record xmlns="http://www.loc.gov/MARC21/slim" xmlns:xsi="http://www.w3.org/2001/XMLSchema-instance" xsi:schemaLocation="http://www.loc.gov/MARC21/slim http://www.loc.gov/standards/marcxml/schema/MARC21slim.xsd">
<leader>     nam a2200205ua 4500</leader>
<controlfield tag="001">001677366</controlfield>
<controlfield tag="003">NNU</controlfield>
<controlfield tag="005">20001218195945.0</controlfield>
<controlfield tag="008">940525s1954    le            000 0 ara d</controlfield>
<datafield tag="035" ind1="9" ind2=" ">
<subfield code="a">NYUb12220744</subfield>
</datafield>
<datafield tag="035" ind1=" " ind2=" ">
<subfield code="a">(NjP)notisCBD9421</subfield>
</datafield>
<datafield tag="035" ind1=" " ind2=" ">
<subfield code="a">(CStRLIN)NJPG94-B30595</subfield>
</datafield>
<datafield tag="040" ind1=" " ind2=" ">
<subfield code="a">NjP</subfield>
<subfield code="c">NjP</subfield>
</datafield>
<datafield tag="100" ind1="1" ind2=" ">
<subfield code="a">Sayyid al-Ahl, ʻAbd al-ʻAzīz.</subfield>
</datafield>
<datafield tag="245" ind1="1" ind2="0">
<subfield code="a">Jaʻfar ibn Muḥammad al-Imām al-Ṣādiq ʻalayhi al-salām</subfield>
<subfield code="c">ʻAbd al-ʻAzīz Sayyid al-Ahl.</subfield>
</datafield>
<datafield tag="250" ind1=" " ind2=" ">
<subfield code="a">al-Ṭabʻah 1.</subfield>
</datafield>
<datafield tag="260" ind1=" " ind2=" ">
<subfield code="a">Bayrūt :</subfield>
<subfield code="b">Dār al-Sharq al-Jadīd,</subfield>
<subfield code="c">1954.</subfield>
</datafield>
<datafield tag="600" ind1="0" ind2="0">
<subfield code="a">Jaʻfar al-Ṣādiq,</subfield>
<subfield code="d">702?-765 or 6.</subfield>
</datafield>
<datafield tag="OWN" ind1=" " ind2=" ">
<subfield code="a">GENERAL</subfield>
</datafield>
<datafield tag="950" ind1=" " ind2=" ">
<subfield code="l">BMAIN</subfield>
<subfield code="a">BP80.J3</subfield>
<subfield code="b">S3</subfield>
</datafield>
<datafield tag="955" ind1=" " ind2=" ">
<subfield code="l">BMAIN</subfield>
<subfield code="c">1</subfield>
<subfield code="r">028072364</subfield>
</datafield>
<datafield tag="998" ind1=" " ind2=" ">
<subfield code="s">9124</subfield>
</datafield>
<datafield tag="AVA" ind1=" " ind2=" ">
<subfield code="a">NYU50</subfield>
<subfield code="b">BOBST</subfield>
<subfield code="c">Main Collection</subfield>
<subfield code="d">BP80.J3 S3</subfield>
<subfield code="e">unavailable</subfield>
<subfield code="t">Unavailable</subfield>
<subfield code="f">1</subfield>
<subfield code="g">1</subfield>
<subfield code="h">N</subfield>
<subfield code="i">0</subfield>
<subfield code="j">MAIN</subfield>
<subfield code="k">0</subfield>
</datafield>
</record>
